<?xml version="1.0" encoding="UTF-8"?><collection xmlns="http://www.loc.gov/MARC21/slim"><record><leader>00384nam--2200133-i-4500</leader><controlfield tag="001">000036465</controlfield><controlfield tag="002">20161230</controlfield><controlfield tag="005">20161230201040</controlfield><controlfield tag="008">060222s1000------------r-----000-0-eng-d</controlfield><datafield ind1=" " ind2=" " tag="080"><subfield code="a">621.319.4.018.4</subfield></datafield><datafield ind1=" " ind2=" " tag="100"><subfield code="a">Poliacov, B.A</subfield></datafield><datafield ind1=" " ind2=" " tag="245"><subfield code="a">Instalatii de condensatori pentru ameliorarea factorului de putere</subfield></datafield><datafield ind1=" " ind2=" " tag="260"><subfield code="a">Bucuresti, Ed.Energetica De Stat, 1953. 135p.+ilustr</subfield></datafield><datafield ind1=" " ind2=" " tag="852"><subfield code="a">3017</subfield></datafield></record></collection>